<record><leader>00000cas a22000007a 4500</leader><controlfield tag="001">18095098</controlfield><controlfield tag="008">880615d192u1923iauwr ne      0    0eng d</controlfield><datafield ind1=" " ind2=" " tag="010"><subfield code="a">sn 88059614 </subfield></datafield><datafield ind1=" " ind2=" " tag="040"><subfield code="a">INP</subfield><subfield code="b">eng</subfield><subfield code="c">INP</subfield><subfield code="d">OCLCQ</subfield></datafield><datafield ind1=" " ind2=" " tag="042"><subfield code="a">msc</subfield></datafield><datafield ind1="0" ind2="4" tag="245"><subfield code="a">The Eagle Grove times and gazette.</subfield></datafield><datafield ind1="1" ind2="7" tag="246"><subfield code="a">Eagle Grove times</subfield></datafield><datafield ind1=" " ind2=" " tag="260"><subfield code="a">Eagle Grove, Iowa :</subfield><subfield code="b">[s.n.]</subfield></datafield><datafield ind1=" " ind2=" " tag="300"><subfield code="a">v.</subfield></datafield><datafield ind1=" " ind2=" " tag="310"><subfield code="a">Weekly</subfield></datafield><datafield ind1="1" ind2=" " tag="362"><subfield code="a">Ceased in 1923?</subfield></datafield><datafield ind1=" " ind2=" " tag="588"><subfield code="a">Description based on: Vol. 36, no. 34 (Apr. 21, 1921).</subfield></datafield><datafield ind1=" " ind2=" " tag="752"><subfield code="a">United States</subfield><subfield code="b">Iowa</subfield><subfield code="c">Wright</subfield><subfield code="d">Eagle Grove.</subfield></datafield><datafield ind1="0" ind2="0" tag="780"><subfield code="t">Eagle Grove times-gazette</subfield><subfield code="w">(DLC)sn 88059593</subfield></datafield><datafield ind1="0" ind2="0" tag="785"><subfield code="t">Eagle Grove times (Eagle Grove, Iowa : 1923)</subfield></datafield></record>